@article{nace2006,
  title={Computing optimal max-min fair resource allocation for elastic flows},
  author={Nace, Dritan and Doan, Nhat-Linh and Gourdin, Eric and Liau, Bernard},
  journal={IEEE/ACM Transactions on Networking (TON)},
  volume={14},
  number={6},
  pages={1272--1281},
  year={2006},
  publisher={IEEE Press}
}
